@misc{press1986numerical,
  title = {Numerical Recipes in {{Fortran}} 77},
  author = {Press, William H and Teukolsky, Saul A and Vetterling, William T and Flannery, Brian P},
  date = {1986},
  publisher = {{Cambridge university press Cambridge}}
}
